% ------------------------------------------------------------------------
% SAMPLE BIBLIOGRAPHY FILE
% ------------------------------------------------------------------------

%%%%%%%%%%%%%%%%%%%%%%%%%
% MULTI-DIMENSIONAL TOOLS
%%%%%%%%%%%%%%%%%%%%%%%%%

@ARTICLE{GB08,
  author =	 {Gain, J. and Bechmann, D.},
  title =	 {A Survey of Spatial Deformation from a User-Centred
                  Perspective},
  journal =	 {ACM Transactions on Graphics},
  volume =	 {27, 4},
  year =	 {2008},
  pages =	 {Article 107},
  language =	 {english}
}

% INTRODUCTION
@ARTICLE{Bar84,
  author =	 {Barr, A. H.},
  title =	 {Global and Local Deformations of Solid Primitives},
  journal =	 {SIGGRAPH '84 Computer Graphics},
  volume =	 {18, 3},
  year =	 {1984},
  pages =	 {21--30},
  language =	 {english}
}

@ARTICLE{SP86,
  author =	 {Sederberg, T. W. and Parry, S. R.},
  title =	 {Free-Form Deformation of Solid Geometric Models},
  journal =	 {SIGGRAPH '86 Computer Graphics},
  volume =	 {20, 4},
  year =	 {1986},
  pages =	 {151--160},
  language =	 {english}
}

@ARTICLE{JLQ96,
  author =	 {Jieqing, F. and Lizhuang, M. and Qunsheng, P.},
  title =	 {A new free-form deformation through the control of
                  parametric surfaces},
  journal =	 {Computers and Graphics},
  volume =	 {20},
  year =	 {1996},
  pages =	 {531--539},
  language =	 {english}
}

@article{JL00,
  author =	 {Jin, X. and Li, Y. F.},
  title =	 {Three-dimensional Deformation Using Directional
                  Polar Coordinates},
  journal =	 {Journal of Graphics Tools},
  volume =	 {5},
  year =	 {2000},
  pages =	 {15--24},
  language =	 {english}
} 

@ARTICLE{KO03,
  author =	 {Kobayashi, K. G. and Ootsubo, K.},
  title =	 {t-FFD: Free-form Deformation by Using Triangular
                  Mesh},
  journal =	 {Proceedings of the Eighth ACM Symposium on Solid
                  Modeling and Applications},
  year =	 {2003},
  pages =	 {226--234},
  language =	 {english}
} 

%%%%%%%%%%%%%%%%%%%%%%%%%
% TOOL BLENDING
%%%%%%%%%%%%%%%%%%%%%%%%%

@ARTICLE{JBPS11,
  author =	 {Jacobson, A. and Baran, I. and Popovic, J. and
                  Sorkine, O.},
  title =	 {Bounded Biharmonic Weights for Real-Time
                  Deformation},
  journal =	 {ACM Transaction on Graphics},
  volume =	 {30, 4},
  year =	 {2011},
  pages =	 {Article 78},
  language =	 {english}
}

@ARTICLE{GPCP13,
  author =	 {Garc\'{\i}a, F. G. and Paradinas, T. and Coll,
                  N. and Patow, G.},
  title =	 {*Cages:: A Multilevel, Multi-cage-based System for
                  Mesh Deformation},
  journal =	 {ACM Transactions on Graphics},
  volume =	 {32},
  year =	 {2013},
  pages =	 {24:1--24:13},
  language =	 {english}
} 

@ARTICLE{Flo03,
  author =	 {Floater, M. S.},
  title =	 {Mean value coordinates},
  journal =	 {Computer Aided Geometric Design},
  volume =	 {20},
  year =	 {2003},
  pages =	 {19--27},
  language =	 {english}
}

@ARTICLE{HF06,
  author =	 {Hormann, K. and Floater, M. S.},
  title =	 {Mean value coordinates for arbitrary planar
                  polygons},
  journal =	 {ACM Transactions on Graphics},
  volume =	 {25},
  year =	 {2006},
  pages =	 {1424--1441},
  language =	 {english}
}

@ARTICLE{FKR05,
  author =	 {Floater, M. S. and Kos, G. and Reimers, M.},
  title =	 {Mean value coordinates in 3D},
  journal =	 {Computer Aided Geometric Design},
  volume =	 {22},
  year =	 {2005},
  pages =	 {623--631},
  language =	 {english}
}

@ARTICLE{JSW05,
  author =	 {Ju, T. and Schaefer, S. and Warren, J.},
  title =	 {Mean Value Coordinates for Closed Triangular Meshes},
  journal =	 {ACM Transactions on Graphics},
  volume =	 {24},
  year =	 {2005},
  pages =	 {561--566},
  language =	 {english}
}

% -----------------------   MASTERS THESIS   -------------------------

@MASTERSTHESIS{Hur12,
  author =	 {Hurstel, A.},
  title =	 {Déformation par cages hiérarchiques},
  school =	 {Université de Strasbourg},
  year =	 {2012},
  language =	 {english}
}

% -----------------------   PhD THESIS  --------------------------

@PHDTHESIS{The00,
  author =	 {Thery, S.},
  title =	 {Plongement de complexes cellulaires},
  school =	 {Université Louis Pasteur, Strasbourg},
  year =	 {2000},
  language =	 {english}
}

% ------------------------------------------------------------------------
