% ------------------------------------------------------------------------
% SAMPLE BIBLIOGRAPHY FILE
% ------------------------------------------------------------------------

%%%%%%%%%%%%%%%%%%%%%%%%%
% MULTI-DIMENSIONAL TOOLS
%%%%%%%%%%%%%%%%%%%%%%%%%

@ARTICLE{GB08,
  author =	 {Gain, J. and Bechmann, D.},
  title =	 {A Survey of Spatial Deformation from a User-Centred
                  Perspective},
  journal =	 {ACM Transactions on Graphics},
  volume =	 {27, 4},
  year =	 {2008},
  pages =	 {Article 107},
  language =	 {english}
}

% INTRODUCTION
@ARTICLE{Bar84,
  author =	 {Barr, A. H.},
  title =	 {Global and Local Deformations of Solid Primitives},
  journal =	 {SIGGRAPH '84 Computer Graphics},
  volume =	 {18, 3},
  year =	 {1984},
  pages =	 {21--30},
  language =	 {english}
}

@ARTICLE{SP86,
  author =	 {Sederberg, T. W. and Parry, S. R.},
  title =	 {Free-Form Deformation of Solid Geometric Models},
  journal =	 {SIGGRAPH '86 Computer Graphics},
  volume =	 {20, 4},
  year =	 1986,
  pages =	 {151--160},
  language =	 {english}
}


%%%%%%%%%%%%%%%%%%%%%%%
%%%%%VOLUME-BASED%%%%%%
%%%%%%%%%%%%%%%%%%%%%%%

@ARTICLE{GP89,
  author =	 {Griessmair, J. and Purgathofer, W.},
  title =	 {Deformation of Solids with Trivariate B-Splines},
  journal =	 {Computer Graphics Forum},
  year =	 {1989},
  pages =	 {137--148},
  english =	 {english}
}

@ARTICLE{Com89,
  author =	 {Comninos, P.},
  title =	 {Fast bends or fast free-form deformation of
                  polyhedral data},
  journal =	 {Computer Graphics '89},
  year =	 1989,
  pages =	 {225--242},
  english =	 {english}
}

@article{Coq90,
  author =	 {Coquillart, S.},
  title =	 {Extended Free-form Deformation: A Sculpturing Tool
                  for 3D Geometric Modeling},
  journal =	 {SIGGRAPH '90 Computer Graphics},
  volume =	 {24},
  year =	 {1990},
  pages =	 {187--196},
  language =	 {english}
}

@article{BBT97,
  author =	 {Bechmann, D. and Bertrand, Y. and Thery, S.},
  title =	 {Continuous Free Form Deformation},
  journal =	 {Computer Networks and ISDN Systems (COMPUGRAPHICS
                  '96)},
  volume =	 29,
  year =	 1997,
  pages =	 {1715--1725},
  language =	 {english}
} 

%%%%%%%%%%%%%%%%%%%%%%%
%%%%%SURFACE-BASED%%%%%
%%%%%%%%%%%%%%%%%%%%%%%

@ARTICLE{JLQ96,
  author =	 {Jieqing, F. and Lizhuang, M. and Qunsheng, P.},
  title =	 {A new free-form deformation through the control of
                  parametric surfaces},
  journal =	 {Computers and Graphics},
  volume =	 {20},
  year =	 {1996},
  pages =	 {531--539},
  language =	 {english}
}

@ARTICLE{JL00,
  author =	 {Jin, X. and Li, Y. F.},
  title =	 {Three-dimensional Deformation Using Directional
                  Polar Coordinates},
  journal =	 {Journal of Graphics Tools},
  volume =	 {5},
  year =	 {2000},
  pages =	 {15--24},
  language =	 {english}
} 

@ARTICLE{KO03,
  author =	 {Kobayashi, K. G. and Ootsubo, K.},
  title =	 {T-FFD: Free-form Deformation by Using Triangular
                  Mesh},
  journal =	 {Proceedings of the Eighth ACM Symposium on Solid
                  Modeling and Applications},
  year =	 2003,
  pages =	 {226--234},
  language =	 {english}
} 

%%%%%%%%%%%%%%%%%%%%%
%%%%%CURVE-BASED%%%%%
%%%%%%%%%%%%%%%%%%%%%

@ARTICLE{CR94,
  author =	 {Chang, Y. and Rockwood, A. P.},
  title =	 {A Generalized De Casteljau Approach to 3D Free-form
                  Deformation},
  journal =	 {SIGGRAPH '94 Proceedings of the 21st Annual
                  Conference on Computer Graphics and Interactive
                  Techniques},
  year =	 {1994},
  pages =	 {257--260},
  language =	 {english}
} 

@ARTICLE{BE01,
  author =	 {Bechmann, D. and Elkouhen, M.},
  title =	 {Animating with the "Multidimensional Deformation
                  Tool"},
  journal =	 {Proceedings of the Eurographic Workshop on Computer
                  Animation and Simulation},
  year =	 {2001},
  pages =	 {29--35},
  language =	 {english}
} 


%%%%%%%%%%%%%%%%%%%%%
%%%%%POINT-BASED%%%%%
%%%%%%%%%%%%%%%%%%%%%

@ARTICLE{BB91,
  author =	 {Borrel, P. and Bechmann, D.},
  title =	 {Deformation of N-dimensional Objects},
  journal =	 {Proceedings of the First ACM Symposium on Solid
                  Modeling and Applications},
  year =	 {1991},
  pages =	 {351--369},
  language =	 {english}
} 

@ARTICLE{HHK92,
  author =	 {Hsu, W. M. and Hughes, J. F. and Kaufman,
                  H.},
  title =	 {Direct Manipulation of Free-form Deformations},
  journal =	 {SIGGRAPH Computer Graphics},
  volume =	 {26},
  number =	 {2},
  year =	 {1992},
  pages =	 {177--184},
  language =	 {english}
} 

@ARTICLE{MT97,
  author =	 {Moccozet, L. and Thalmann, N. M.},
  title =	 {Dirichlet Free-Form Deformations and Their
                  Application to Hand Simulation},
  journal =	 {Proceedings of the Computer Animation},
  year =	 1997,
  pages =	 93,
  language =	 {english}
} 

%%%%%%%%%%%%%%%%%%%%%%%%%
% TOOL BLENDING
%%%%%%%%%%%%%%%%%%%%%%%%%

@ARTICLE{JBPS11,
  author =	 {Jacobson, A. and Baran, I. and Popovic, J. and
                  Sorkine, O.},
  title =	 {Bounded Biharmonic Weights for Real-Time
                  Deformation},
  journal =	 {ACM Transaction on Graphics},
  volume =	 {30, 4},
  year =	 {2011},
  pages =	 {Article 78},
  language =	 {english}
}

@ARTICLE{GPCP13,
  author =	 {Garc\'{\i}a, F. G. and Paradinas, T. and Coll,
                  N. and Patow, G.},
  title =	 {*Cages:: A Multilevel, Multi-cage-based System for
                  Mesh Deformation},
  journal =	 {ACM Transactions on Graphics},
  volume =	 {32},
  year =	 {2013},
  pages =	 {24:1--24:13},
  language =	 {english}
} 

%%%%%%%%%%%%%%%%%%%%%%%%%
% COORDINATES
%%%%%%%%%%%%%%%%%%%%%%%%%

@ARTICLE{Flo03,
  author =	 {Floater, M. S.},
  title =	 {Mean value coordinates},
  journal =	 {Computer Aided Geometric Design},
  volume =	 {20},
  year =	 {2003},
  pages =	 {19--27},
  language =	 {english}
}

@ARTICLE{HF06,
  author =	 {Hormann, K. and Floater, M. S.},
  title =	 {Mean value coordinates for arbitrary planar
                  polygons},
  journal =	 {ACM Transactions on Graphics},
  volume =	 {25},
  year =	 {2006},
  pages =	 {1424--1441},
  language =	 {english}
}

@ARTICLE{FKR05,
  author =	 {Floater, M. S. and Kos, G. and Reimers, M.},
  title =	 {Mean value coordinates in 3D},
  journal =	 {Computer Aided Geometric Design},
  volume =	 {22},
  year =	 {2005},
  pages =	 {623--631},
  language =	 {english}
}

@ARTICLE{JSW05,
  author =	 {Ju, T. and Schaefer, S. and Warren, J.},
  title =	 {Mean Value Coordinates for Closed Triangular Meshes},
  journal =	 {ACM Transactions on Graphics},
  volume =	 {24},
  year =	 {2005},
  pages =	 {561--566},
  language =	 {english}
}

@ARTICLE{LS08,
  author =	 {Langer, T. and Seidel, H.},
  title =	 {Higher Order Barycentric Coordinates},
  journal =	 {Computer Graphics Forum},
  volume =	 {27},
  year =	 {2008},
  pages =	 {459--466},
  language =	 {english}
}

% -----------------------   MASTERS THESIS   -------------------------

@MASTERSTHESIS{Hur12,
  author =	 {Hurstel, A.},
  title =	 {Déformation par cages hiérarchiques},
  school =	 {Université de Strasbourg},
  year =	 2012,
  language =	 {english}
}

% -----------------------   PhD THESIS  --------------------------

@PHDTHESIS{The00,
  author =	 {Thery, S.},
  title =	 {Plongement de complexes cellulaires},
  school =	 {Université Louis Pasteur, Strasbourg},
  year =	 {2000},
  language =	 {english}
}

% ------------------------------------------------------------------------
